<record><leader>00000cas a2200000 a 4500</leader><controlfield tag="001">21988163</controlfield><controlfield tag="008">900711d19831986iauwr n       0    0eng d</controlfield><datafield ind1=" " ind2=" " tag="010"><subfield code="a">sn 90055004 </subfield></datafield><datafield ind1=" " ind2=" " tag="040"><subfield code="a">INP</subfield><subfield code="b">eng</subfield><subfield code="c">INP</subfield><subfield code="d">OCL</subfield><subfield code="d">OCLCQ</subfield></datafield><datafield ind1=" " ind2=" " tag="042"><subfield code="a">msc</subfield></datafield><datafield ind1="0" ind2="4" tag="245"><subfield code="a">The Brush Creek bonus.</subfield></datafield><datafield ind1="1" ind2="3" tag="246"><subfield code="a">Bonus</subfield></datafield><datafield ind1=" " ind2=" " tag="260"><subfield code="a">Oelwein, Iowa :</subfield><subfield code="b">Oelwein Daily Register,</subfield><subfield code="c">1983-1986.</subfield></datafield><datafield ind1=" " ind2=" " tag="300"><subfield code="a">v. :</subfield><subfield code="b">ill.</subfield></datafield><datafield ind1=" " ind2=" " tag="310"><subfield code="a">Weekly</subfield></datafield><datafield ind1="0" ind2=" " tag="362"><subfield code="a">Nov. 15, 1983-Oct. 21, 1986.</subfield></datafield><datafield ind1=" " ind2=" " tag="752"><subfield code="a">United States</subfield><subfield code="b">Iowa</subfield><subfield code="c">Fayette</subfield><subfield code="d">Arlington.</subfield></datafield><datafield ind1="1" ind2=" " tag="029"><subfield code="a">AU@</subfield><subfield code="b">000020596884</subfield></datafield></record>